<record><leader>00000cas a22000007a 4500</leader><controlfield tag="001">12046958</controlfield><controlfield tag="008">850517d186918uumiuwr ne      0    0eng d</controlfield><datafield ind1=" " ind2=" " tag="010"><subfield code="a">sn 85033559 </subfield></datafield><datafield ind1=" " ind2=" " tag="040"><subfield code="a">NPU</subfield><subfield code="b">eng</subfield><subfield code="c">NPU</subfield><subfield code="d">OCLCQ</subfield></datafield><datafield ind1=" " ind2=" " tag="042"><subfield code="a">msc</subfield></datafield><datafield ind1="0" ind2="4" tag="245"><subfield code="a">The Bay City herald.</subfield></datafield><datafield ind1=" " ind2=" " tag="260"><subfield code="a">Bay City, Mich. :</subfield><subfield code="b">D. McMullen &amp; Ed. D. Cowles</subfield></datafield><datafield ind1=" " ind2=" " tag="300"><subfield code="a">v. ;</subfield><subfield code="c">66 cm.</subfield></datafield><datafield ind1=" " ind2=" " tag="310"><subfield code="a">Weekly</subfield></datafield><datafield ind1="1" ind2=" " tag="362"><subfield code="a">Began in 1869.</subfield><subfield code="z">Cf. Rowell, 1873.</subfield></datafield><datafield ind1=" " ind2=" " tag="500"><subfield code="a">Editor: Ed. D. Cowles, &lt;1873&gt;.</subfield></datafield><datafield ind1=" " ind2=" " tag="588"><subfield code="a">Description based on: Vol. 1, no. 26 (Feb. 1873) = Whole no. 26.</subfield></datafield><datafield ind1=" " ind2=" " tag="752"><subfield code="a">United States</subfield><subfield code="b">Michigan</subfield><subfield code="c">Bay</subfield><subfield code="d">Bay City.</subfield></datafield><datafield ind1="1" ind2=" " tag="029"><subfield code="a">AU@</subfield><subfield code="b">000025837293</subfield></datafield></record>